<record><leader>00000cas a22000007a 4500</leader><controlfield tag="001">11055931</controlfield><controlfield tag="008">840815d18651902iauwr ne      0    0eng d</controlfield><datafield ind1=" " ind2=" " tag="010"><subfield code="a">sn 84027355 </subfield></datafield><datafield ind1=" " ind2=" " tag="040"><subfield code="a">NPU</subfield><subfield code="b">eng</subfield><subfield code="c">NPU</subfield><subfield code="d">NPX</subfield><subfield code="d">INP</subfield><subfield code="d">OCLCQ</subfield></datafield><datafield ind1=" " ind2=" " tag="042"><subfield code="a">msc</subfield></datafield><datafield ind1="0" ind2=" " tag="130"><subfield code="a">Mitchell County press (West Mitchell, Iowa : 1865)</subfield></datafield><datafield ind1="1" ind2="4" tag="245"><subfield code="a">The Mitchell County press.</subfield></datafield><datafield ind1="1" ind2="3" tag="246"><subfield code="a">Mitchell Co. press</subfield></datafield><datafield ind1=" " ind2=" " tag="260"><subfield code="a">West Mitchell, Iowa :</subfield><subfield code="b">T.M. Atherton,</subfield><subfield code="c">-1902.</subfield></datafield><datafield ind1=" " ind2=" " tag="300"><subfield code="a">v. :</subfield><subfield code="b">ill. ;</subfield><subfield code="c">71 cm.</subfield></datafield><datafield ind1=" " ind2=" " tag="310"><subfield code="a">Weekly</subfield></datafield><datafield ind1="1" ind2=" " tag="362"><subfield code="a">Began with Mar. 1, 1865 issue.</subfield><subfield code="z">Cf. Bibl. of Iowa newspapers.</subfield></datafield><datafield ind1="0" ind2=" " tag="362"><subfield code="a">-v. 38, no. 18 (Apr. 16, 1902).</subfield></datafield><datafield ind1=" " ind2=" " tag="500"><subfield code="a">Published at West Mitchell, Iowa, &lt;Mar. 1, 1865&gt;-May 20, 1869; at Osage, Iowa, May 27, 1869-Apr. 16, 1902.</subfield></datafield><datafield ind1=" " ind2=" " tag="500"><subfield code="a">Publisher varies.</subfield></datafield><datafield ind1=" " ind2=" " tag="500"><subfield code="a">West Mitchell, Iowa, now called Mitchell, Iowa.</subfield></datafield><datafield ind1=" " ind2=" " tag="500"><subfield code="a">Editor: T.M. Atherton, &lt;1876&gt;.</subfield></datafield><datafield ind1=" " ind2=" " tag="515"><subfield code="a">Issue for Jan. 7, 1897 misdated Jan. 7, 1896.</subfield></datafield><datafield ind1=" " ind2=" " tag="588"><subfield code="a">Description based on: Vol. 1, no. 2 (Mar. 8, 1865).</subfield></datafield><datafield ind1=" " ind2=" " tag="752"><subfield code="a">United States</subfield><subfield code="b">Iowa</subfield><subfield code="c">Mitchell</subfield><subfield code="d">Osage.</subfield></datafield><datafield ind1=" " ind2=" " tag="752"><subfield code="a">United States</subfield><subfield code="b">Iowa</subfield><subfield code="c">Mitchell</subfield><subfield code="d">West Mitchell.</subfield></datafield><datafield ind1=" " ind2=" " tag="752"><subfield code="a">United States</subfield><subfield code="b">Iowa</subfield><subfield code="c">Mitchell</subfield><subfield code="d">Mitchell.</subfield></datafield><datafield ind1="0" ind2="5" tag="780"><subfield code="t">Osage weekly tribune</subfield><subfield code="w">(DLC)sn 87058439</subfield></datafield><datafield ind1="0" ind2="7" tag="785"><subfield code="t">Osage journal (Osage, Iowa)</subfield></datafield><datafield ind1="0" ind2="7" tag="785"><subfield code="t">Mitchell County press and the Osage journal</subfield><subfield code="w">(DLC)sn 87058440</subfield></datafield></record>